<?xml version="1.0" encoding="UTF-8"?><collection xmlns="http://www.loc.gov/MARC21/slim"><record><leader>00325nam--2200133-i-4500</leader><controlfield tag="001">000040402</controlfield><controlfield tag="002">20161230</controlfield><controlfield tag="005">20161230201042</controlfield><controlfield tag="008">060222s1000------------r-----000-0-eng-d</controlfield><datafield ind1=" " ind2=" " tag="080"><subfield code="a">543</subfield></datafield><datafield ind1=" " ind2=" " tag="100"><subfield code="a">Savici,Ludovic I</subfield></datafield><datafield ind1=" " ind2=" " tag="245"><subfield code="a">Aparate de analiza fizico-chimica</subfield></datafield><datafield ind1=" " ind2=" " tag="260"><subfield code="a">Bucuresti, Ed.Tehnica, 1980. 283 P</subfield></datafield><datafield ind1=" " ind2=" " tag="852"><subfield code="a">48387</subfield></datafield></record></collection>